@phdthesis{Venk,
    title={Consistency results in multiple change-point problems},
    author={Venkatraman, Ennapadam Seshan},
    year={1992},
    school={Stanford University}
}
@article{Wild,
   title={Wild binary segmentation for multiple change-point detection},
   author={Fryzlewicz, Piotr and others},
   journal={The Annals of Statistics},
   volume={42},
   number={6},
   pages={2243--2281},
   year={2014},
   publisher={Institute of Mathematical Statistics}
}
